@Article{zivkovic2004,
      title = "Improved adaptive Gausian mixture model for background subtraction",
      author = {Zivkovic, Z.},
      journal = "International Conference Pattern Recognition",
      year = "2004" }
      
@Article{zivkovic2006,
      title = "Efficient Adaptive Density Estimation per Image Pixel for the Task of Background Subtraction",
      author = {Zivkovic, Z. and van der Heijden, F.},
      journal = "Pattern Recognition Letters",
      year = "2006"}
}

@Book{titterington1984,
  title = "Recursive parameter estimation using incomplete data",
  author = {Titterington, D.},
  year = "1984",
  publisher = "Roy. Statis. Soc."}
}
